% This file was created with JabRef 2.6.
% Encoding: Cp1252

@MISC{EC2003,
  author = {EC},
  title = {European Soil Database (distribution version v2.0)},
  howpublished = {European Comission Joint Research Centre, Italy},
  year = {2003},
  owner = {weyname},
  timestamp = {2011.07.13}
}

@UNPUBLISHED{LUCAS2009,
  author = {EUROSTAT},
  title = {Land use/cover area frame survey (LUCAS)},
  owner = {weyname},
  timestamp = {2011.09.01},
  url = {http://epp.eurostat.ec.europa.eu/portal/page/portal/lucas/introduction}
}

@TECHREPORT{Hiederer2009,
  author = {Hiederer, R.},
  title = {Distribution of Organic Carbon in Soil Profile Data},
  institution = {European Commission Joint Research Centre Institute for Environment
	and Sustainability},
  year = {2009},
  number = {EUR 23980 EN},
  file = {:EUR23980.pdf:PDF},
  owner = {weyname},
  timestamp = {2011.08.26}
}

@ARTICLE{Jones2005,
  author = {Jones, R. J. A. and Hiederer, R. and Rusco, E. and Montanarella,
	L.},
  title = {Estimating organic carbon in the soils of Europe for policy support},
  journal = {European Journal of Soil Science},
  year = {2005},
  volume = {56},
  pages = {655-671},
  month = {October},
  doi = {doi: 10.1111/j.1365-2389.2005.00728.x},
  owner = {weyname},
  timestamp = {2011.08.29}
}

@INBOOK{inESBN1,
  chapter = {The EU map of soil water available for plants},
  pages = {131-141},
  title = {European land information systems for agro-environmental monitoring},
  publisher = {European Commission Joint Research Centre},
  year = {1995},
  editor = {King, D. and Jones, R. J. A. and Thomasson, A. J.},
  author = {King, D. and Le Bas, C. and Darousin, J. and Thomasson, A. J. and
	Jones, R. J. A.},
  owner = {weyname},
  timestamp = {2011.08.09}
}

@TECHREPORT{ESBN8,
  author = {Lambert, J. J. and Darousin, J. and Eimberck, M. and Le Bas, C. and
	Jamagne, M. and King, D. and Montanarella, L.},
  title = {Soil Geographical Database for Eurasia and The Mediterranean: Instruction
	Guide for Elaboration at scale 1:1,000,000, version4.0},
  institution = {European Commission Joint Research Centre},
  year = {2003},
  number = {EUR 20422},
  owner = {weyname},
  timestamp = {2011.08.09}
}

@comment{jabref-meta: selector_publisher:}

@comment{jabref-meta: selector_author:}

@comment{jabref-meta: selector_journal:}

@comment{jabref-meta: selector_keywords:}

