% This file was created with JabRef 2.6.
% Encoding: Cp1252

@TECHREPORT{SWAT2009,
  author = {Neitsch, S. L. and Arnold, J. G. and Kiniry, J. and Williams, J.
	R.},
  title = {Soil and Water Assessment Tool Input/Output File Documentation Version
	2009},
  institution = {USDA Agricultural Research Service and TexasA\&MBlackland Research
	Center, Temple, Texas},
  year = {2010},
  month = {May},
  edition = {Version 2009},
  file = {SWAT2009.pdf:SWAT2009.pdf:PDF},
  organization = {USDA Agricultural Research Service and TexasA\&MBlackland Research
	Center, Temple, Texas},
  owner = {weyname},
  timestamp = {2011.07.26}
}

@INBOOK{USDA2007,
  chapter = {Hydrologic Soil Groups},
  title = {Part 630 Hydrology National Engineering Handbook},
  year = {2007},
  author = {U.S. Department of Agriculture, Natural Resources Conservation Service
	(NRCS)},
  file = {:Hydrologic_Soil_Groups_USDA.pdf:PDF},
  owner = {weyname},
  timestamp = {2011.08.03}
}

@BOOK{rusle2,
  title = {Draft User's reference Guide - Revised Universal Soil Loss Equation
	Version 2},
  year = {2006},
  author = {{USDA-Agricultural Research Service}},
  owner = {weyname},
  timestamp = {2012.02.24},
  url = {http://www.ars.usda.gov/Research/docs.htm?docid=6028}
}

@comment{jabref-meta: selector_publisher:}

@comment{jabref-meta: fileDirectory:./SWAT;}

@comment{jabref-meta: selector_author:}

@comment{jabref-meta: selector_journal:}

@comment{jabref-meta: selector_keywords:}

